<record><leader>00000cas a22000007a 4500</leader><controlfield tag="001">9329375</controlfield><controlfield tag="008">830321d18421843mauwr ne      0    0eng d</controlfield><controlfield tag="009">3768</controlfield><datafield ind1=" " ind2=" " tag="010"><subfield code="a">sn 83020342 </subfield></datafield><datafield ind1=" " ind2=" " tag="040"><subfield code="a">NPX</subfield><subfield code="b">eng</subfield><subfield code="c">NPX</subfield><subfield code="d">MGN</subfield></datafield><datafield ind1=" " ind2=" " tag="042"><subfield code="a">msc</subfield></datafield><datafield ind1=" " ind2=" " tag="043"><subfield code="a">n-us-ma</subfield></datafield><datafield ind1="0" ind2="4" tag="245"><subfield code="a">The Locomotive, an independent journal.</subfield></datafield><datafield ind1="1" ind2="3" tag="246"><subfield code="a">Locomotive</subfield></datafield><datafield ind1=" " ind2=" " tag="260"><subfield code="a">Salem [Mass.] :</subfield><subfield code="b">William H. Perley,</subfield></datafield><datafield ind1=" " ind2=" " tag="300"><subfield code="a">v. ;</subfield><subfield code="c">51 cm.</subfield></datafield><datafield ind1=" " ind2=" " tag="310"><subfield code="a">Weekly</subfield></datafield><datafield ind1="0" ind2=" " tag="362"><subfield code="a">Vol. 1, no. 34 (Dec. 17, 1842)-</subfield></datafield><datafield ind1=" " ind2=" " tag="500"><subfield code="a">Published by Wm. H. Perley &amp; E. Whittier, &lt;May 13, 1843-Aug. 12, 1843&gt;</subfield></datafield><datafield ind1=" " ind2=" " tag="515"><subfield code="a">Issues for Dec. 17-31, 1842 called also new ser., no. 1-no. 3; Jan. 7-Apr. 29, 1843 called also new ser., no. 1-no. 17 = whole no. 37-whole no. 52.</subfield></datafield><datafield ind1=" " ind2=" " tag="752"><subfield code="a">United States</subfield><subfield code="b">Massachusetts</subfield><subfield code="c">Essex</subfield><subfield code="d">Salem.</subfield></datafield><datafield ind1="0" ind2="0" tag="780"><subfield code="t">Locomotive (Lynn, Mass.)</subfield><subfield code="w">(DLC)sn 83020293</subfield></datafield></record>